@article{Cheng,
 author = {Cheng, Yizong},
 title = {Mean Shift, Mode Seeking, and Clustering},
 journal = {IEEE Trans. Pattern Anal. Mach. Intell.},
 volume = {17},
 issue = {8},
 month = {August},
 year = {1995},
 issn = {0162-8828},
 pages = {790--799},
 numpages = {10},
 url = {http://dl.acm.org/citation.cfm?id=628321.628711},
 doi = {10.1109/34.400568},
 acmid = {628711},
 publisher = {IEEE Computer Society},
 address = {Washington, DC, USA},
 keywords = {Mean shift, gradient descent, global optimization, Hough
transform, cluster analysis, k-means clustering.},
} 

@article{fukugana, title={The estimation of the gradient of a
density function, with applications in pattern recognition}, volume={21},
url={http://ieeexplore.ieee.org/xpls/abs_all.jsp?arnumber=1055330},
number={1}, journal={IEEE Transactions on Information Theory},
publisher={IEEE}, author={Fukunaga, K and Hostetler, L}, year={1975},
pages={32--40}}

@article{my_article, title={Mean shift: a robust approach toward
feature space analysis}, volume={24},
url={http://ieeexplore.ieee.org/lpdocs/epic03/wrapper.htm?arnumber=1000236},
number={5}, journal={IEEE Transactions on Pattern Analysis and Machine
Intelligence}, publisher={IEEE Computer Society}, author={Comaniciu, D and
Meer, P}, year={2002}, pages={603--619}}

@article{comaniciu_meer, title={Robust Analysis of Feature Spaces : Color
Image Segmentation Dorin Comaniciu}, volume={C},
url={http://ieeexplore.ieee.org/lpdocs/epic03/wrapper.htm?arnumber=609410},
number={08855}, journal={Proceedings of IEEE Computer Society Conference on
Computer Vision and Pattern Recognition}, publisher={IEEE Comput. Soc},
author={Comaniciu, D and Meer, P}, year={1997}, pages={750--755}}

@article{sklearn,
 title={{Scikit-learn: Machine Learning in Python }},
  author={Pedregosa, F. and Varoquaux, G. and Gramfort, A. and Michel, V.
	  and Thirion, B. and Grisel, O. and Blondel, M. and Prettenhofer, P.
	  and Weiss, R. and Dubourg, V. and Vanderplas, J. and
	  Passos, A. and Cournapeau, D. and Brucher, M. and Perrot, M. and
	  Duchesnay E.},
  journal={Journal of Machine Learning Research},
  volume={12},
  pages={2825--2830},
  year={2011}
    }

@INPROCEEDINGS{Comaniciu01thevariable,
    author = {Dorin Comaniciu and Visvanathan Ramesh and Peter Meer},
    title = {The Variable Bandwidth Mean Shift and Data-Driven Scale
Selection},
    booktitle = {in Proc. 8th Intl. Conf. on Computer Vision},
    year = {2001},
    pages = {438--445}
}

@INPROCEEDINGS{fastnonparametric,
    author = {Miguel Á. Carreira-perpiñán},
        title = {Fast nonparametric clustering with Gaussian blurring
	mean-shift},
	    booktitle = {In Int. Conf. on Machine Learning},
	        year = {2006},
		    publisher = {ACM}
		    }
